@misc{howard2003radish,
  author = {Andrew Howard and Nicholas Roy},
  year = {2003},
  title = {The Robotics Data Set Repository (Radish)},
  url = {https://dspace.mit.edu/handle/1721.1/62236}
}

@inproceedings{choudhury2017adaptive,
  author = {Sanjiban Choudhury AND Ashish Kapoor AND Gireeja Ranade AND Sebastian Scherer AND Debadeepta Dey},
  title = {Adaptive Information Gathering via Imitation Learning},
  booktitle = {RSS},
  year = {2017},
  address = {Cambridge, Massachusetts},
  month = {July},
  doi = {10.15607/RSS.2017.XIII.041}
}

@article{atanasov2014StochasticSourceSeeking,
  author = {Atanasov, Nikolay A. and Le Ny, Jerome and Pappas, George J.},
  title = {{Distributed Algorithms for Stochastic Source Seeking With Mobile Robot Networks}},
  journal = {Journal of Dynamic Systems, Measurement, and Control},
  volume = {137},
  number = {3},
  year = {2014},
  month = {10},
  issn = {0022-0434},
  doi = {10.1115/1.4027892},
  url = {https://doi.org/10.1115/1.4027892},
  note = {031004},
  eprint = {https://asmedigitalcollection.asme.org/dynamicsystems/article-pdf/137/3/031004/6118584/ds\_137\_03\_031004.pdf}
}

@inproceedings{yu2018DeepFill,
  title = {Generative image inpainting with contextual attention},
  author = {Yu, Jiahui and Lin, Zhe and Yang, Jimei and Shen, Xiaohui and Lu, Xin and Huang, Thomas S},
  booktitle = {{CVPR}},
  pages = {5505--5514},
  year = {2018}
}

@inproceedings{goodfellow2014GAN,
  title = {Generative adversarial nets},
  author = {Goodfellow, Ian and Pouget-Abadie, Jean and Mirza, Mehdi and Xu, Bing and Warde-Farley, David and Ozair, Sherjil and Courville, Aaron and Bengio, Yoshua},
  booktitle = {Advances in neural information processing systems},
  pages = {2672--2680},
  year = {2014}
}

@book{Rasmussen2006,
  author = {Rasmussen, C.E. and Williams, C.K.I.},
  title = {{Gaussian Processes for Machine Learning.}},
  publisher = {{MIT press}},
  year = {2006}
}

@inproceedings{Trevor14ICRA,
  title={{Omnimapper: A modular multimodal mapping framework}},
  author={Trevor, Alexander JB and Rogers, John G and Christensen, Henrik I},
  booktitle={Robotics and Automation (ICRA), 2014 IEEE International Conference on},
  pages={1983--1990},
  year={2014},
  organization={IEEE},
  publisher={IEEE}
}

@article{neira2001data,
  title={Data association in stochastic mapping using the joint compatibility test},
  author={Neira, Jos{\'e} and Tard{\'o}s, Juan D},
  journal={IEEE Transactions on robotics and automation},
  volume={17},
  number={6},
  pages={890--897},
  year={2001},
  publisher={IEEE}
}

@misc{BlumLibGP,
  author = {Blum, M.},
  title = {{libgp: a C++ Library for Gaussian Process Regression}},
  howpublished = {GitHub},
  note = {\url{https://github.com/mblum/libgp}, retrieved August, 2017}
}

@INPROCEEDINGS{shreshta2019icra,
author={R. {Shrestha} and F. {Tian} and W. {Feng} and P. {Tan} and R. {Vaughan}},
booktitle={2019 International Conference on Robotics and Automation (ICRA)},
title={Learned Map Prediction for Enhanced Mobile Robot Exploration},
year={2019},
volume={},
number={},
pages={1197-1204},
keywords={information theory;learning (artificial intelligence);mobile robots;neural nets;autonomous ground robot;geometric heuristics;information theory;deep learning;mobile robot exploration;generative neural network;2D maps;reinforcement learning;robots behavior;Deep learning;Robot sensing systems;Decoding;Gain measurement;Navigation;Training},
doi={10.1109/ICRA.2019.8793769},
ISSN={1050-4729},
month={May},}

